3018 4864
631 315 678 384 11

550 415 756 427 m—

188 540 279 610 Cum
306 542 341 607 in
371 539 474 607 buius
501 539 645 627 generis
672 557 758 626 usu⁷
792 540 853 627 qui
890 537 1000 606 etiam
1035 541 1073 607 in
1101 556 1213 627 prosa

79 646 254 714 oratione
279 644 353 711 lato
381 647 496 730 patet,
530 639 691 710 Catullus
718 639 809 707 nihil
836 640 998 710 notabile
1026 639 1217 729 praebeat,

79 746 255 836 exempla
282 763 453 835 promere
480 763 553 813 non
582 762 673 831 opus
702 747 765 811 est.

188 851 229 918 E.
256 847 462 937 Separatim
490 846 603 913 affero
624 846 820 934 participia
835 846 980 932 generis
1010 845 1216 912 masculini.

134 950 178 1040 a)
207 951 421 1040 praesentis.
663 960 665 964 ·

186 1056 313 1122 Pauca
346 1058 486 1120 tantum
513 1050 680 1137 exempla
716 1069 833 1138 eaque
864 1050 982 1138 poetis
1009 1049 1215 1118 familiaris-

79 1159 177 1226 sima
204 1157 388 1243 leguntur:
408 1152 628 1222 Bacchantis
652 1149 775 1240 eam.
795 1149 936 1240 Cupido
956 1153 1094 1218 amanti
1110 1150 1215 1239 70733

79 1263 269 1326 amantem
298 1255 402 1346 72,7·,
441 1261 609 1324 amantes
639 1252 776 1342 64‚335
806 1259 841 1320 et
869 1251 1003 1342 66,313
1031 1254 1149 1321 anxiis
1162 1253 1212 1342 (?)

78 1361 291 1429 amantibus
334 1356 456 1447 61‚47.
505 1395 547 1405 -
590 1355 661 1425 Sed
712 1356 958 1425 nominativus
1006 1356 1214 1444 singularis7

78 1464 145 1552 qui
172 1482 195 1528 a
223 1463 440 1551 scriptorum
469 1459 705 1528 classicorum
736 1479 803 1526 usu
829 1477 981 1546 prorsus
1009 1457 1147 1525 alicnus
1177 1464 1213 1524 et

76 1565 277 1652 ablativus,
300 1565 366 1652 ‘qui
393 1563 504 1653 paulo
532 1561 747 1629 insolentior
774 1568 830 1628 est
858 1559 920 1650 (cf.
948 1559 1213 1647 Naegelsbach.

79 1669 104 1735 l.
133 1668 155 1735 l.
184 1689 218 1756 p.
247 1666 294 1733 92
324 1664 395 1755 sq.)
424 1663 522 1754 apud
551 1661 733 1732 Catullum
760 1683 834 1730 nun
862 1663 1053 1751 reperitur.

136 1769 175 1859 b)
203 1769 365 1857 perfecti.

184 1871 338 1939 Praeter
365 1870 578 1958 saepissime
597 1889 619 1935 a
638 1869 753 1957 poetis
780 1873 956 1956 usurpata
986 1872 1104 1956 ,natus
1125 1876 1214 1938 nata

74 1973 205 2063 nupts‘
233 1971 394 2042 Catullus
422 1973 532 2040 etiam
554 1971 744 2059 usurpavit
780 1965 952 2060 innuptae
984 1968 1213 2062 62,6.12.363

76 2074 204 2165 6458.
258 2075 321 2142 His
356 2073 641 2142 accedit-unum
677 2072 865 2162 deponens
901 2070 1028 2161 37,17:
1056 2093 1140 2161 ,uno
1167 2074 1213 2142 dc

75 2173 281 2269 capillatio.

186 2305 217 2373 2.
271 2305 418 2394 Ellipsis
460 2304 676 2372 substantivi
710 2305 747 2371 in
789 2303 844 2372 his
886 2305 1061 2394 exemplis
1102 2311 1211 2374 statu-

76 2409 176 2477 enda
203 2413 269 2476 est:

183 2537 335 2604 Minacis
376 2529 559 2603 Adriatici
598 2555 646 2604 sc.
685 2538 796 2604 maris
839 2535 913 2626 476,
958 2537 1055 2626 apud
1095 2538 1212 2606 solum

78 2637 282 2726 Catullum7
310 2637 376 2706 sed
403 2639 568 2706 similiter
603 2638 772 2726 ,tonium‘
805 2639 902 2728 apud
936 2640 1057 2728 Verg.‚
1092 2641 1213 2728 Prop.⁷

78 2739 150 2810 ov.
184 2739 244 2828 (cf.
276 2742 443 2828 Draegcr
482 2741 504 2808 l.
532 2741 554 2808 l.
583 2764 615 2831 p.
648 2738 729 2828 to).
765 2735 965 2809 Falernum
1001 2761 1050 2809 sc.
1088 2743 1212 2810 vinum

80 2839 175 2931 27,1.
202 2836 339 2934 Riqidci
366 2846 449 2910 maa
467 2863 515 2910 sc.
534 2842 695 2912 mentula
723 2841 806 2932 5677
837 2827 913 2932 (iia
936 2841 1039 2933 tea).
1066 2839 1210 2913 Dextro

79 2964 129 3012 sc.
171 2964 300 3012 manus
334 2943 437 3033 33,33
483 2943 621 3033 64‚230
653 2945 756 3034 alibi7
801 2946 888 3012 item
928 2940 1078 3014 sinistra
1111 2945 1212 3037 47,1,

79 3066 176 3134 quac
202 3068 268 3114 usu
296 3047 381 3113 trita
409 3067 489 3114 esse
516 3054 670 3116 constat.

185 3173 217 3241 3.
271 3173 502 3242 Adiectivum
531 3196 597 3262 pro
632 3175 809 3245 adverbio
844 3175 900 3245 his
935 3177 1024 3244 locis
1054 3179 1208 3266 positum

80 3287 147 3345 est:

185 3379 240 3446 Ac
266 3379 424 3468 primum
462 3398 710 3448 commemoro
742 3379 944 3469 adiectiva,
978 3401 1072 3470 quae
1106 3383 1210 3450 affec-

80 3487 158 3546 tum
185 3480 242 3546 vel
270 3482 385 3548 animi
413 3481 660 3550 conditionem
688 3483 910 3568 significant:
953 3481 1070 3573 Quam
1108 3490 1144 3551 tc
1171 3485 1210 3550 li-

80 3581 209 3649 benter
236 3603 418 3671 quamque
447 3584 563 3651 laetus
590 3584 708 3651 inviso
729 3582 837 3673 31‚4;
865 3584 981 3654 laetus
1001 3587 1086 3654 vani
1106 3583 1209 3674 61783

80 3701 150 3770 ago
176 3684 281 3752 ferox
307 3685 316 3750 i
348 3682 481 3774 637783
507 3686 611 3754 ferox
638 3690 746 3773 quate
773 3708 805 3752 v,
834 3685 900 3775 833
919 3685 1064 3776 perdita
1079 3687 1212 3776 pende-

79 3785 143 3853 bat
171 3783 285 3873 6450
312 3793 407 3854 etv.
436 3785 510 3853 119
530 3785 722 3875 deperdita
749 3787 970 3877 lactabatur3
998 3790 1142 3858 alacres
1158 3791 1208 3857 fu-

78 3887 212 3955 rebant
240 3885 399 3977 64,2543
426 3888 536 3956 miser
565 3889 648 3957 vive
667 3887 775 3978 87103
802 3889 867 3958 sed
893 3897 930 3956 tu
949 3891 1087 3960 insulsa
1115 3892 1211 3960 male

79 3996 116 4057 et
142 3987 299 4056 molesta
327 3991 421 4060 vivis
451 3988 573 4078 10‚33.

184 4114 328 4184 Deinde
354 4117 431 4188 loci.
453 4118 634 4190 rationem
661 4120 888 4207 exprimunt:
917 4120 1054 4189 Sedens
1082 4121 1212 4189 adver·

81 4237 143 4286 sus
178 4215 297 4305 51⁵‚33
331 4239 508 4309 praeceps
542 4221 661 4307 agitur
693 4219 824 4310 65‚23;
865 4243 1041 4311 praeceps
1071 4223 1213 4290 volutus

83 4314 236 4410 68¹²,593
270 4339 389 4406 prona
425 4321 523 4390 eadit
558 4319 713 4410 64‚109;
755 4343 800 4389 ne
837 4325 984 4411 supinus
1016 4331 1075 4390 eat
1110 4322 1213 4492 123743
