3018 4864
834 293 853 360 2

744 391 949 402 *σώμαι-,η

281 524 380 586 reote
420 516 602 606 planeque
636 515 912 603 intelligendum
955 518 1042 585 satis
1080 518 1256 609 idoneos,
1301 525 1421 592 nimio

280 637 360 726 plus
387 635 576 704 destitutus
603 634 681 702 sim.
708 635 803 704 Nam
830 635 928 722 quod
956 621 1186 726 Schoenus,
1202 640 1302 708 viros
1329 642 1420 711 illos

280 773 491 842 recensens,
520 754 581 843 qui
609 753 695 822 olim
733 759 880 843 poetam
907 756 1159 826 Veronensem
1192 767 1420 828 commenta-

281 877 344 944 riis
362 875 654 963 illustraveriut,
691 873 780 941 dicit
821 876 857 942 in
891 873 1037 965 Quaest.
1078 875 1207 947 Catull.
1240 881 1265 946 Ι.
1301 884 1420 968 praef.

280 1018 316 1085 p.
345 997 401 1074 IL:
432 995 515 1085 „vel
547 993 777 1062 doctissimos
814 995 895 1062 illos
931 994 1115 1085 homiues,
1145 999 1274 1086 quibus
1302 1000 1417 1068 inter-

279 1116 438 1206 pretatio
467 1112 600 1183 Catulli
628 1115 823 1204 plurimum
852 1116 1000 1206 debeat„
1028 1138 1101 1185 non
1129 1118 1210 1204 plus
1239 1119 1418 1208 effecisse,

282 1255 391 1323 quam
417 1242 456 1300 ut
474 1234 599 1302 multis
626 1233 735 1302 rebus
756 1235 906 1322 singulis
934 1236 1027 1304 bene
1045 1237 1202 1304 inventis
1230 1257 1418 1306 commen-

280 1356 374 1421 tario
415 1354 531 1442 pleno
562 1352 855 1444 praeluderentl7
895 1355 991 1422 haud
1032 1355 1141 1424 dubie
1184 1375 1310 1424 verum
1346 1363 1414 1424 est.

280 1475 406 1563 Neque
433 1493 539 1562 vero,
567 1478 761 1561 postquam
779 1474 992 1543 Schwabius
1013 1475 1103 1543 haec
1134 1476 1294 1564 scripsit,
1315 1496 1411 1543 com-

279 1593 477 1661 m'entarius
513 1612 629 1660 novus
660 1593 698 1659 in
734 1614 863 1661 manus
902 1599 1046 1661 nostras
1084 1595 1202 1682 venitg
1244 1597 1414 1682 quamvis

280 1719 315 1780 et
341 1713 437 1780 idem
464 1713 521 1778 vir
553 1710 783 1780 doctissimus
817 1733 898 1779 eum
936 1713 1041 1780 nobis
1069 1714 1278 1802 promiserit
1306 1722 1342 1781 et
1369 1716 1410 1788 A.

278 1832 386 1900 Riese
412 1853 435 1900 a
464 1851 503 1899 se
530 1831 792 1899 conficiendum
819 1834 985 1921 proxime
1012 1833 1047 1899 in
1075 1834 1192 1901 lucem
1221 1853 1301 1901 esse
1330 1855 1412 1922 pro-

279 1953 435 2020 diturum
463 1952 744 2020 annuntiaverit.

381 2089 436 2157 Ac
459 2090 538 2178 jam
569 2093 608 2154 ut
647 2094 786 2178 pateat7
825 2088 922 2176 quod
955 2091 1182 2178 potissimum
1217 2090 1408 2156 consilinm

277 2211 314 2277 in
342 2209 450 2277 rebus
485 2208 695 2297 syntecticis
730 2207 908 2296 eligendis
941 2216 1050 2296 atque
1078 2208 1328 2298 proponendis
1356 2230 1411 2276 se-

278 2331 349 2396 cuti
376 2330 503 2417 simus,
532 2327 624 2395 haec
651 2327 906 2416 praenotanda
933 2328 1116 2396 videntur:

210 2552 214 2560 .
381 2465 414 2534 1.
443 2463 533 2534 Cum
570 2470 735 2532 nostrum
771 2466 833 2552 sit,
876 2465 1054 2533 sermonis
1091 2461 1286 2532 Catulliani
1322 2485 1409 2552 pro-

277 2587 470 2676 prietatem
507 2604 707 2673 exponere3
741 2587 865 2651 omnia
897 2586 1192 2673 praeterivimus,
1230 2603 1323 2671 quae
1359 2585 1409 2650 ad

277 2725 507 2774 communem
534 2703 707 2791 loquendi
734 2725 838 2771 usum
866 2704 1057 2792 pertinent.

281 2893 285 2902 .
382 2841 414 2910 2.
442 2840 513 2909 Sed
545 2841 702 2929 primum
734 2840 1081 2928 demonstravimus7
1114 2859 1208 2928 quae
1245 2838 1410 2909 Catullus

277 2983 321 3030 ex
347 2963 473 3048 lingua
500 2961 623 3049 prisca
655 2965 690 3027 et
727 2981 772 3027 ex
808 2981 874 3027 usu
902 2961 1079 3028 sermonis
1116 2959 1278 3046 vulgaris
1306 2980 1407 3049 repe-

277 3082 409 3150 tiverit.

380 3217 413 3286 3.
440 3216 583 3286 Deinde
611 3214 792 3287 Catullum
830 3227 865 3286 et
902 3238 983 3286 oum
1021 3216 1233 3305 aequalibus
1262 3223 1408 3283 etcum

277 3337 514 3428 scriptoribus
542 3337 672 3404 aetatis
707 3337 891 3423 Augustae
924 3342 1180 3424 comparantes
1215 3333 1409 3406 ostendere

277 3459 398 3526 conati
427 3477 566 3544 sumus,
594 3455 723 3543 quibus
750 3455 858 3523 rebus
886 3477 967 3524 cum
995 3475 1122 3523 eorum
1149 3452 1295 3524 dicendi
1322 3474 1407 3522 con·

277 3576 465 3645 suetudine
492 3576 696 3644 consentiat
724 3575 924 3663 quibusque
952 3575 998 3644 ab
1027 3595 1072 3642 ea
1099 3574 1316 3642 discesserit.

379 3711 414 3779 4.
442 3713 533 3780 Tum
578 3712 780 3780 locutiones
825 3712 1064 3798 graecanicae
1098 3712 1323 3799 notavimus,
1364 3729 1410 3777 ea

277 3842 397 3901 tamen
426 3831 594 3898 cautione
628 3832 700 3919 usi,
732 3851 778 3898 ne
812 3830 896 3920 quid
931 3829 1083 3900 Graecis
1117 3829 1408 3918 annueremus,
1496 3859 1497 3924 j

278 3951 375 4040 quod
402 3952 519 4037 magis
547 3951 713 4017 minusve
739 3951 882 4039 utrique
909 3951 1057 4038 linguae
1084 3969 1277 4017 commune
1305 3954 1369 4017 est.
1496 4031 1497 4044 χ

380 4070 413 4138 5.
442 4070 608 4157 Denique
636 4089 681 4136 ea
707 4071 911 4158 attulimus,
940 4089 1034 4158 quae
1062 4067 1158 4158 apud
1188 4068 1407 4157 aliosscrip-
1496 4053 1497 4088 r

277 4198 375 4260 tores
404 4198 466 4257 aut
493 4189 641 4257 omnino
669 4209 742 4257 non
771 4193 832 4256 aut
859 4209 945 4258 raro
974 4189 1140 4256 rariusve
1170 4189 1406 4278 reperiuntur.
1496 4185 1497 4202 ³

380 4311 428 4378 Ut
456 4330 544 4378 vero
574 4306 706 4377 Catulli
733 4321 817 4376 usus
845 4308 991 4377 dicendi
1017 4307 1159 4375 facilius
1193 4314 1300 4396 atque
1336 4321 1406 4374 nno
1496 4305 1497 4382 J
