3018 4864
671 281 719 350 31

223 505 270 572 -5.
297 503 400 570 Duos
427 503 625 592 genitivos,
655 524 807 591 quorum
835 504 931 571 alter
957 523 1002 571 ex
1029 505 1145 574 altero
1173 526 1259 595 pen-

51 673 54 680 .
128 607 235 696 deat,
264 602 424 674 Catullus
451 624 539 674 raro
567 607 789 695 composuit3
816 612 889 674 tres
916 611 1057 674 tantum
1084 608 1184 676 locos
1209 611 1260 677 af-

129 712 228 780 ferre
255 727 464 798 possumus:
493 727 523 776 c.
549 706 637 796 lat
657 708 892 776 disertissime
910 708 1056 776 Romuli
1068 715 1261 801 nepotum3

132 812 245 902 5536
273 830 349 878 non
376 809 488 879 Rhesi
513 811 645 878 niveae
673 811 838 898 citaeque
859 811 967 898 bigae
997 809 1065 899 (sc.
1094 813 1125 880 si
1160 814 1261 882 ferar

128 911 292 1001 volatu)3
321 911 407 1002 tat
435 931 589 999 quorum
616 920 670 980 est
696 913 921 1001 lepidissima
949 913 1082 980 coniux
1100 915 1259 984 alterius.

130 1056 176 1064 -
207 1018 297 1084 Tres
338 1035 428 1083 vero
471 1015 652 1102 genitivos
686 1017 738 1082 ita
771 1015 866 1082 inter
897 1035 936 1082 se
973 1016 1196 1104 coniungere
1236 1037 1261 1084 a

129 1125 241 1208 poeta
268 1137 417 1207 prorsus
445 1115 605 1187 alienum
632 1124 695 1186 est.

234 1220 266 1288 6.
293 1221 350 1287 Ex
377 1219 565 1289 adiectivis
592 1219 756 1288 relativis
783 1239 866 1286 cum
893 1220 1053 1307 genitivo
1083 1221 1253 1291 coniuno

125 1325 173 1391 tis
201 1324 292 1392 haec
320 1343 666 1392 commemoramus:

230 1429 272 1496 ln
298 1445 329 1493 c.
357 1425 442 1515 tae
469 1427 614 1512 legitur:
649 1425 818 1513 leporum
856 1416 1010 1491 disertas
1036 1443 1081 1490 ac
1107 1425 1255 1492 facetia-

126 1551 207 1596 rum
236 1526 353 1618 (apud
381 1528 500 1597 solum
527 1525 738 1615 Catullum).
801 1525 943 1595 Deinde
970 1526 1007 1592 in
1038 1546 1069 1594 c.
1096 1525 1184 1616 aad
1216 1528 1258 1594 li-

126 1631 184 1697 bri
210 1651 293 1698 mss.
321 1630 498 1718 praebent
523 1649 636 1722 oopus
663 1624 798 1717 omna,
827 1628 923 1716 quod
953 1628 1117 1717 plerique
1136 1649 1255 1698 emen-

126 1733 308 1800 daverunt
333 1734 371 1799 in
397 1753 511 1827 oopus
538 1726 662 1821 animi,
689 1751 772 1799 cum
798 1729 1055 1798 Lachmannus
1083 1736 1118 1798 et
1140 1731 1253 1799 Muel-

126 1836 223 1902 lerus
251 1835 464 1924 scripserint
496 1855 608 1927 oopus
635 1828 787 1922 onimis;
827 1831 891 1900 sed
924 1831 1011 1920 quid
1038 1853 1168 1900 verum
1196 1835 1253 1923 sit,

129 1939 189 2003 vix
216 1936 411 2006 diiudicari
438 1941 566 2027 potest.
630 1935 685 2004 De
717 1935 877 2024 genitivo
913 1929 1027 2002 animi
1053 1934 1253 2024 disputavit

126 2039 335 2127 Draegerus
362 2061 396 2129 p.
423 2039 509 2108 443.
562 2038 728 2126 Denique
748 2031 937 2130 praeimus
973 2057 1001 2106 o.
1035 2057 1115 2124 gen.
1150 2058 1252 2128 repe-

127 2143 217 2210 ritur
245 2162 275 2210 c.
304 2141 433 2230 saal:
462 2143 648 2231 proximus
676 2137 901 2228 Hydrochoi.

230 2242 263 2312 7.
294 2244 508 2334 Exemplum
535 2243 686 2332 genitivi
713 2243 990 2311 exclamationis
1026 2242 1132 2309 citari
1159 2243 1250 2310 solet

128 2366 157 2414 c.
185 2346 260 2435 9⁷5²
288 2365 323 2435 ,o
350 2347 439 2414 mihi
465 2333 581 2413 nuntii
608 2344 732 2412 beatil‘
769 2344 833 2413 sed
873 2346 1028 2413 fortasse
1061 2343 1131 2413 hoc
1171 2346 1253 2414 loco

125 2449 277 2537 pluralis
303 2450 447 2536 generis
475 2446 685 2517 statuendus
712 2453 776 2516 est.
839 2447 990 2514 Praeter
1016 2447 1139 2515 locum
1164 2447 1253 2515 Pro·

124 2561 214 2638 pert.
241 2549 365 2639 4‚7‚21
392 2551 577 2640 ,foederis
596 2548 666 2617 heu
693 2550 795 2618 taciti
805 2547 825 2614 ἱι
862 2549 1042 2618 eiusmodi
1072 2549 1254 2637 genitivus

125 2672 207 2719 cum
233 2652 542 2722 interiectionibus
571 2652 784 2720 coniunctus
811 2651 909 2741 apud
929 2651 1126 2740 scriptores
1156 2652 1251 2718 Lati-

124 2773 193 2822 nos
219 2775 294 2823 non
320 2755 462 2843 legitur.
516 2755 572 2823 De
598 2755 669 2822 hoc
696 2753 925 2824 Graecorum
952 2753 1098 2822 dicendi
1116 2773 1252 2842 genere

125 2858 168 2924 cf.
196 2859 374 2944 Krueger.
402 2878 517 2946 gram.
546 2856 710 2942 Graec.§
737 2854 826 2944 47‚3
854 2859 928 2923 not.
958 2854 990 2924 2.

295 2960 338 3028 D.
366 2960 567 3030 Ablativus.

132 3059 136 3065 '
229 3061 262 3130 1.
290 3061 482 3131 Ablativus
509 3060 763 3150 separationis.

226 3162 268 3252 a)
296 3163 463 3252 Sequitur
509 3163 623 3232 verba
669 3163 865 3251 simplicia:
913 3162 1049 3249 Agere:
1094 3162 1253 3232 Parnasi

124 3267 262 3334 vertice
302 3285 333 3334 c.
361 3264 510 3356 64,390.
549 3262 669 3333 diere:
706 3264 881 3352 singultus
908 3262 981 3333 udo
1007 3283 1072 3332 ore
1101 3262 1251 3354 64‚131.

123 3367 282 3454 Fugere:
310 3369 390 3436 sinu
418 3366 540 3458 37,st
592 3367 762 3435 Manare:
789 3365 1132 3454 Laethaeogurgite
1152 3365 1251 3457 65‚5‚

124 3487 190 3538 ore
219 3468 340 3559 65724.
368 3469 440 3539 Sed
468 3470 601 3538 cedere
629 3467 742 3558 63,19
771 3476 806 3537 et
833 3469 977 3537 solvere
1002 3467 1113 3557 61,53
1142 3468 1252 3538 etiam

123 3592 146 3638 a
174 3570 414 3661 scriptoribus
448 3571 628 3661 prosaicis
671 3591 755 3641 cum
791 3570 871 3639 solo
907 3569 1070 3638 ablativo
1103 3571 1252 3640 coniun-

122 3679 266 3760 guntur.

226 3774 266 3864 b)
295 3774 419 3842 Verba
446 3795 529 3843 cum
561 3771 617 3861 ab,
646 3795 699 3860 en,
727 3768 780 3861 de,
803 3793 873 3866 pro
901 3775 1105 3864 composita
1132 3773 1251 3844 Catul-

120 3877 177 3945 lus
206 3876 337 3945 eadem
369 3878 446 3944 fere
477 3879 681 3967 frequentia
715 3898 797 3945 cum
829 3877 1103 3968 praepositione
1139 3882 1253 3965 atque

122 3998 204 4046 cum
237 3978 316 4046 solo
350 3981 512 4048 ablativo
552 3981 762 4050 construxit.
801 4019 844 4030 —-
883 3974 1076 4048 Dimittere
1101 3984 1251 4067 pectore

124 4100 155 4148 c.
186 4079 325 4170 alpos
351 4083 499 4172 legitur,
527 4081 593 4151 sed
619 4078 797 4176 digressos
823 4104 846 4149 a
864 4081 967 4171 (libri
981 4081 1124 4170 optimi:
1152 4079 1249 4169 oum)

53 4202 58 4208 ·
124 4184 244 4271 primo
272 4186 435 4254 carmine
476 4183 623 4275 salto.
658 4223 704 4234 -
740 4186 906 4272 Denique
945 4182 1068 4250 verbis
1103 4201 1185 4250 cum
1210 4201 1251 4249 re

122 4291 159 4352 et
183 4305 220 4354 se
246 4288 473 4378 compositis,
509 4307 602 4377 qnae
641 4287 889 4375 reperiuntur,
927 4284 1153 4374 praepositio
1187 4284 1251 4353 ad·
