3018 4864
811 253 856 320 12

736 351 940 362 ..δ-ρ*-

270 495 445 567 praeseus
490 477 654 544 hortatus
694 482 748 544 est
793 472 952 564 64,3963
986 479 1196 562 praesentes
1238 474 1404 541 invisere

272 578 418 669 64,384.
711 593 712 598 ’

389 709 588 776 Praeterea
631 709 822 773 numerum
858 705 1077 792 significant:
1123 705 1217 771 'Pota
1262 704 1404 771 exarsit

272 809 399 900 64‚933
427 811 617 897 virginitas
650 829 723 876 non
758 811 836 874 tota
872 811 934 873 tua
971 811 1025 874 est
1052 805 1182 895 caea
1210 806 1403 893 rogaberis

268 913 369 980 nulla
397 911 541 1001 (=n0n)
568 909 677 999 87143
697 929 806 999 quam
833 910 863 976 si
878 909 978 976 nulla
1005 909 1050 976 sit
1063 927 1218 996 usquam
1247 906 1371 995 1730.

372 1038 476 1130 Quae
502 1039 687 1127 hucusque
715 1039 931 1105 enumeravi
958 1035 1126 1126 exempla
1163 1037 1273 1104 etiam
1302 1037 1403 1126 apud

270 1143 427 1232 optimos
456 1143 652 1230 scriptores
680 1141 717 1206 in
736 1161 802 1206 usu
822 1144 921 1229 sunt3
941 1139 982 1207 cf.
1002 1139 1180 1228 imprimis
1210 1139 1333 1206 Haase
1353 1139 1404 1206 ad

218 1381 220 1386 Ι
270 1243 563 1435 {teqsigmscshpp
605 1243 682 1310 Lat.
710 1263 743 1309 n.
780 1239 983 1308 390-396
1018 1247 1052 1309 et
1083 1239 1349 1328 Naegelsbach.
1377 1242 1402 1308 l.

374 1473 446 1542 Sed
473 1466 664 1562 poetarum
691 1474 807 1560 magis
835 1474 988 1560 propria
1016 1471 1405 1540 haecadiectivasunt

272 1597 366 1665 quae
401 1576 575 1663 temporis
607 1576 789 1643 rationem
827 1574 1052 1663 exprimunt‚
1087 1579 1139 1642 ut:
1167 1573 1321 1663 rapidae
1348 1593 1404 1641 se-

272 1684 431 1767 quuntur
459 1676 592 1767 63‚343
628 1679 717 1745 citus
753 1677 828 1744 adit
865 1674 996 1764 63‚303
1031 1677 1121 1744 citus
1155 1676 1243 1744 abiit
1272 1674 1404 1765 63‚423

273 1783 385 1848 citata
412 1781 509 1868 cepit
538 1777 643 1868 aaa
659 1780 776 1848 lentus
804 1779 989 1846 irrumasti
1019 1776 1140 1866 aare.
1167 1778 1296 1868 Neque
1311 1797 1402 1845 vero

274 1881 436 1951 Catullus
481 1883 518 1950 in
563 1880 634 1950 hoc
678 1881 826 1950 dicendi
862 1900 996 1967 genere
1037 1886 1176 1948 tantum
1208 1881 1405 1970 processit,

273 1977 447 2073 quantum
487 1991 619 2073 poetae
647 1985 775 2051 aetatis
796 1984 989 2069 Augustae
999 1983 1268 2072 scriptoresque
1285 1988 1403 2072 poste-

274 2088 391 2156 riores
426 2088 470 2155 cf.
499 2109 530 2152 u.
545 2107 578 2172 g.
592 2090 801 2174 7nocturnus
820 2091 929 2152 vocat
952 2083 1165 2153 Cithaeron‘
1185 2087 1292 2173 Verg.
1316 2085 1404 2152 Aen.

275 2189 319 2277 V,
348 2188 444 2278 3033
470 2208 583 2276 perus
616 2189 653 2255 in
685 2189 826 2255 coelum
860 2187 1004 2254 redeas‘
1042 2187 1167 2255 Horat.
1205 2208 1234 2256 c.
1268 2185 1403 2277 1727453

274 2310 418 2379 ‚repens
437 2289 511 2357 alia
530 2291 714 2358 nuntiatur
729 2289 864 2357 clades
898 2291 974 2358 Liv.
994 2289 1111 2378 XXII,
1139 2289 1200 2378 8‚1
1227 2289 1279 2378 (u.
1298 2289 1405 2377 plura

274 2392 373 2480 apud
400 2391 596 2460 Kuehnast.
624 2393 646 2460 l.
674 2392 695 2460 l.
722 2414 756 2481 p.
785 2391 832 2460 56
861 2391 943 2481 sq).

377 2515 518 2610 Quodsi
556 2519 593 2587 (l.
626 2522 663 2586 P.
700 2519 866 2588 Sclrultze
893 2519 967 2610 (De
995 2517 1138 2588 Catullo
1175 2517 1402 2588 Graecorum

275 2623 470 2712 imitatore,
498 2620 640 2689 dissert.
669 2622 803 2710 philol,
831 2624 944 2690 Jenae
975 2619 1093 2710 1871)
1124 2643 1157 2710 p.
1190 2620 1212 2687 6
1237 2621 1404 2708 affirmat,

277 2744 387 2814 saepe
426 2744 579 2792 numero
626 2721 808 2792 Catullum
844 2726 983 2813 antiqui
1019 2724 1077 2791 vel
1122 2721 1297 2790 cotidiani
1332 2742 1403 2790 ser·

276 2828 394 2895 monis
440 2827 736 2894 consuetudinem
783 2837 943 2895 secutum
987 2826 1172 2894 adiectiva
1212 2824 1404 2892 adverbio-

277 2950 358 2995 rum
385 2928 471 2996 loco
496 2929 674 3016 posuisse
702 2948 770 3015 ego
799 2929 945 3016 quidem
972 2928 1107 3015 nescio,
1139 2928 1266 3016 quibus
1301 2947 1404 3015 argu-

277 3031 408 3098 mentis
437 3049 481 3097 ea
509 3031 688 3097 sententia
714 3030 834 3097 fulciri
861 3033 994 3119 possit3
1015 3031 1127 3097 immo
1150 3051 1238 3098 vero
1267 3030 1403 3116 antiqui

278 3134 475 3220 scriptores
509 3131 628 3199 rarius
662 3133 873 3220 cautiusque
899 3132 970 3200 hoc
999 3131 1146 3199 dicendi
1182 3151 1317 3220 genere
1351 3132 1404 3198 usi

279 3241 362 3302 sunt
389 3255 499 3322 quam
525 3234 747 3323 posteriores
784 3234 844 3324 (cf.
874 3237 1001 3304 Holtze
1029 3234 1051 3301 l.
1079 3234 1102 3299 l.
1130 3237 1155 3304 I.
1183 3257 1217 3324 p.
1248 3232 1291 3301 27
1323 3231 1403 3320 sq).

279 3335 379 3406 Idem
408 3337 464 3402 vir
491 3336 684 3403 lectionem
711 3336 884 3403 traditam
916 3339 952 3405 in
983 3358 1012 3404 c.
1043 3334 1172 3424 1036:
1200 3333 1405 3424 ⁷commoda

279 3460 365 3506 nam
390 3438 474 3506 volo
499 3438 546 3505 ad
560 3437 727 3526 Serapim
749 3437 895 3506 deferri‘
909 3440 1068 3507 retinere
1095 3443 1130 3505 et
1156 3439 1208 3504 ita
1221 3438 1406 3526 explicare

280 3542 374 3628 vult,
402 3544 439 3605 ut
465 3539 685 3627 ,commoda‘
714 3539 890 3628 (loquitur
909 3543 1005 3610 enim
1024 3538 1165 3630 puella)
1188 3538 1406 3607 adiectivum

280 3646 316 3708 et
347 3661 414 3730 pro
448 3641 705 3730 ‚commodum‘
732 3642 789 3709 vel
817 3643 1033 3731 ,commode‘
1065 3642 1201 3711 dictum
1240 3642 1303 3730 sit,
1344 3639 1406 3708 sed

227 3741 236 3754 '
280 3743 351 3810 hac
378 3743 587 3831 explicandi
613 3745 755 3810 ratione
789 3751 920 3832 poetae
953 3748 1026 3814 non
1061 3745 1178 3816 solum
1212 3742 1405 3812 insolentia

283 3844 463 3932 quaedem
491 3846 670 3912 sermonis
697 3846 914 3934 imputatur,
942 3847 1006 3914 sed
1034 3846 1114 3936 ipsa
1139 3848 1329 3914 notionum
1344 3843 1404 3911 ad·

282 3946 405 4014 iectivi
432 3951 467 4014 et
493 3945 660 4014 adverbii
687 3947 781 4014 inter
808 3949 1053 4037 secontiam,
1088 3968 1171 4014 cum
1204 3947 1270 4015 illa
1296 3947 1403 4033 signi-

284 4048 452 4117 ficatione
488 4049 710 4116 adiectivum
744 4048 842 4117 nullo
883 4049 993 4118 modo
1036 4049 1187 4129 subiecti
1222 4048 1407 4117 attributio

284 4151 438 4236 cogitari
466 4152 595 4239 possit,
631 4149 668 4218 id
697 4150 792 4238 quod
821 4151 858 4218 in
886 4150 1035 4220 dicendi
1061 4172 1213 4240 genere7
1251 4150 1296 4218 de
1337 4170 1407 4237 quo

286 4252 421 4340 agitur7
441 4253 563 4340 aliqua
579 4254 707 4320 saltem
724 4253 865 4321 ratione
881 4273 1023 4341 semper
1052 4254 1254 4341 requiritur.
