3018 4864
521 1321 794 1422 Praefatio.

195 1685 251 1752 De
278 1681 411 1752 Catulli
438 1703 479 1752 re
506 1684 765 1773 grammatica,
794 1703 903 1772 quam
931 1686 1085 1756 consilio
1114 1692 1223 1777 atque

93 1803 224 1872 ordine
261 1803 425 1894 quodam
463 1822 642 1872 enarrare
678 1822 787 1871 nemo
821 1808 907 1872 ante
943 1808 1096 1874 conatus
1131 1812 1223 1897 erat,

91 1922 291 1991 novissimo
323 1924 530 2012 complures
567 1922 638 1989 viri
672 1920 771 2022 docti
804 1923 1039 2012 scripserunt.
1092 1924 1224 1996 Aede

96 2042 222 2110 formis
252 2042 400 2131 quidem
426 2042 573 2130 linguae
601 2039 831 2111 Catullianae
859 2042 1122 2111 disseruerunt:
1150 2046 1222 2134 pri·

93 2181 172 2227 mos
212 2160 443 2228 Friedericus
479 2162 663 2232 Heussner
703 2158 1008 2250 (Observationes
1041 2182 1224 2250 gramma-

96 2280 190 2348 ticae
218 2279 255 2346 in
284 2277 416 2349 Catulli
454 2281 677 2350 Veronensis
711 2279 860 2370 librum,
889 2281 1052 2353 Berolini
1081 2283 1224 2375 1870.),

93 2403 168 2464 tum
197 2396 388 2467 Oonradus
416 2399 521 2488 Hupe
558 2399 632 2490 (De
663 2419 799 2487 genere
835 2397 985 2469 dicendi
1017 2400 1055 2472 O.
1086 2404 1225 2472 Valerii

96 2516 232 2586 Catulli
257 2519 496 2609 Veronensis,
532 2519 674 2587 dissert.
702 2519 807 2609 phil,
839 2519 1224 2613 Monasterii1871.),

94 2638 251 2726 denique
287 2637 477 2727 Adolphus
511 2637 637 2707 Reeck
666 2638 741 2729 (De
768 2636 1058 2708 Catullianorum
1095 2643 1223 2709 carmi·

93 2779 180 2825 num
212 2777 254 2826 re
285 2759 530 2844 grammatica
561 2764 596 2827 et
627 2758 797 2845 metrica,
826 2755 968 2825 disseri.
995 2757 1103 2848 phil,
1130 2759 1223 2830 Vra-

94 2879 265 2946 tislaviae
294 2875 432 2967 1872),
467 2881 529 2968 qui
560 2879 617 2947 vir
650 2878 813 2965 Augusto
848 2876 1077 2947 Rossbachio
1096 2881 1224 2971 auspi-

95 3003 202 3066 cante
222 2999 496 3067 accuratissime
515 3003 551 3066 et
569 2997 779 3066 doctissime
806 3016 885 3064 rem
904 2998 1087 3066 tractavit.
1113 2999 1224 3070 Prae-

95 3122 197 3183 terea
224 3117 385 3186 Lucieno
413 3118 589 3187 Muellero
622 3123 775 3186 anctore
803 3114 936 3185 Catulli
963 3137 1072 3186 voces
1105 3119 1224 3206 singu-

95 3235 194 3304 lares
222 3235 369 3323 collegit
394 3238 613 3305 Franciscus
640 3236 778 3304 Teuffel
806 3234 880 3325 (De
899 3233 1050 3325 Catulli,
1078 3236 1225 3328 Tibulli,

95 3356 277 3444 Propertii
316 3355 466 3450 vocibus
499 3355 761 3444 singularibus,
794 3353 938 3422 dissert.
975 3355 1114 3446 inaug,
1149 3359 1225 3426 Fri-

98 3474 203 3562 burgi
230 3475 407 3563 Brisigav.
438 3474 569 3565 1872.)
623 3475 693 3544 Sed
731 3476 792 3564 qui
837 3473 970 3544 Catulli
1005 3473 1114 3543 rebus
1142 3497 1225 3565 syu-

96 3595 237 3662 tactieis
266 3595 501 3684 explorandis
534 3600 643 3685 atque
675 3594 938 3684 componendis
974 3613 1128 3683 operam
1154 3598 1225 3664 siu-

97 3713 262 3798 gularem
289 3717 503 3802 novaverit,
531 3715 693 3784 nondum
721 3714 758 3782 in
786 3715 905 3781 lucem
933 3712 1079 3803 prodiit.

200 3833 279 3902 Hoc
310 3836 388 3924 jam
416 3854 507 3924 opus
539 3834 697 3934 arduum
733 3839 832 3902 certe
864 3838 899 3901 et
934 3834 1161 3904 laboriosum
1188 3837 1226 3906 in

97 3970 157 4018 me
184 3960 430 4044 suscepturus,
465 3974 533 4042 ego
568 3955 731 4022 virorum
763 3954 975 4023 criticorum
1001 3954 1226 4024 ‚benevolen-

97 4072 184 4170 tiae¹
198 4091 307 4158 quam
334 4075 493 4143 maxime
520 4095 579 4142 me
604 4074 898 4142 commendatum
918 4074 1032 4162 volo,
1061 4092 1226 4162 praeser-

99 4191 161 4258 tim
189 4210 271 4259 cum
298 4196 461 4264 subsidio
488 4196 569 4284 illo,
597 4214 669 4282 quo
697 4194 893 4284 plurimum
921 4212 966 4261 ea
993 4193 1030 4260 in
1057 4211 1100 4259 re
1126 4190 1227 4281 adju·

99 4314 179 4382 vari
216 4316 486 4405 consuevimus,
523 4315 806 4383 commentarios
844 4314 927 4381 dico
959 4311 1007 4379 ad
1045 4307 1227 4381 Catullum
